<?xml version="1.0" encoding="UTF-8"?><collection xmlns="http://www.loc.gov/MARC21/slim"><record><leader>00449nam--2200121-i-4500</leader><controlfield tag="001">000021086</controlfield><controlfield tag="002">20161230</controlfield><controlfield tag="005">20161230201034</controlfield><controlfield tag="008">060222s1000------------r-----000-0-eng-d</controlfield><datafield ind1=" " ind2=" " tag="100"><subfield code="a">Greinacher, H</subfield></datafield><datafield ind1=" " ind2=" " tag="245"><subfield code="a">Ausgewahlte aufgaben und probleme aus der experimentalphysik. eine einfuhrung in die exacten behandlung... zugleich 3-tte vermehrte aufl. der erganzugen zur experimentslphysik.</subfield></datafield><datafield ind1=" " ind2=" " tag="260"><subfield code="a">Wien, Springer Verlag, 1953. 9 + 269 P</subfield></datafield><datafield ind1=" " ind2=" " tag="852"><subfield code="a">10704</subfield></datafield></record></collection>